
@article{mazur09,
author = {Eric Mazur },
title = {Farewell, Lecture?},
journal = {Science},
volume = {323},
number = {5910},
pages = {50-51},
year = {2009},
doi = {10.1126/science.1168927},
URL = {https://www.science.org/doi/abs/10.1126/science.1168927},
eprint = {https://www.science.org/doi/pdf/10.1126/science.1168927}}

@INPROCEEDINGS{Lo15,
author={Lo, Chieh-An and Lin, Yu-Tzu and Wu, Cheng-Chih},
booktitle={2015 International Conference on Learning and Teaching in Computing and Engineering},
title={Which Programming Language Should Students Learn First? A Comparison of Java and Python},
year={2015},
pages={225-226},
doi={10.1109/LaTiCE.2015.15}}

@article{Hanks11,
author = { Brian   Hanks  and  Sue   Fitzgerald  and  Renée   McCauley  and  Laurie   Murphy  and  Carol   Zander },
title = {Pair programming in education: a literature review},
journal = {Computer Science Education},
volume = {21},
number = {2},
pages = {135-173},
year  = {2011},
publisher = {Routledge},
doi = {10.1080/08993408.2011.579808},
URL = {https://doi.org/10.1080/08993408.2011.579808},
eprint = {https://doi.org/10.1080/08993408.2011.579808}}


@article{Hundhausen13,
author = {Hundhausen, Christopher D. and Agarwal, Pawan and Agrawal, Anukrati},
title = {Talking about Code: Integrating Pedagogical Code Reviews into Early Computing Courses},
year = {2013},
issue_date = {August 2013},
publisher = {Association for Computing Machinery},
address = {New York, NY, USA},
volume = {13},
number = {3},
url = {https://doi.org/10.1145/2499947.2499951},
doi = {10.1145/2499947.2499951},
journal = {ACM Trans. Comput. Educ.},
month = {8},
articleno = {14},
numpages = {28},
keywords = {computer-supported collaborative learning, pedagogical code reviews, Studio-based learning and instruction}}

@inproceedings{Harms16,
author = {Harms, Kyle James and Chen, Jason and Kelleher, Caitlin L.},
title = {Distractors in Parsons Problems Decrease Learning Efficiency for Young Novice Programmers},
year = {2016},
isbn = {9781450344494},
publisher = {Association for Computing Machinery},
address = {New York, NY, USA},
url = {https://doi.org/10.1145/2960310.2960314},
doi = {10.1145/2960310.2960314},
booktitle = {Proceedings of the 2016 ACM Conference on International Computing Education Research},
pages = {241–250},
numpages = {10},
keywords = {distractors, cognitive load, completion problems, parsons problems, independent learning},
location = {Melbourne, VIC, Australia},
series = {ICER '16}}

@ARTICLE{Fagerlund22,
AUTHOR={Fagerlund, Janne and Leino, Kaisa and Kiuru, Noona and Niilo-Rämä, Mikko},   
TITLE={Finnish teachers’ and students’ programming motivation and their role in teaching and learning computational thinking},      
JOURNAL={Frontiers in Education},      
VOLUME={7},           
YEAR={2022},        
URL={https://www.frontiersin.org/articles/10.3389/feduc.2022.948783},      
DOI={10.3389/feduc.2022.948783},      
ISSN={2504-284X}}

@inproceedings{Sentance17,
author = {Sentance, Sue and Waite, Jane and Hodges, Steve and MacLeod, Emily and Yeomans, Lucy},
year = {2017},
month = {03},
pages = {531-536},
title = {"Creating Cool Stuff": Pupils' Experience of the BBC micro:bit},
doi = {10.1145/3017680.3017749}
}

@article{Weintrop19,
title = {Transitioning from introductory block-based and text-based environments to professional programming languages in high school computer science classrooms},
journal = {Computers \& Education},
volume = {142},
pages = {103646},
year = {2019},
issn = {0360-1315},
doi = {https://doi.org/10.1016/j.compedu.2019.103646},
url = {https://www.sciencedirect.com/science/article/pii/S036013151930199X},
author = {David Weintrop and Uri Wilensky},
keywords = {Evaluation of CAL systems, Interactive learning environments, Programming and programming languages, Secondary education, Teaching/learning strategies},
}

@inbook{hw,
    editor = {Colleman, Gemma},
    address = {Cambridge, UK},
    author = {},
    publisher = {Raspberry Pi Foundation},
    title = {The Big Book of Computing Pedagogy},
    journal = {Hello World},
    month = 9,
    year = {2021},
    chapter = {The Primm Aproach},
    pages = {22 - 24}}

@article{Wainer18,
author = {Wainer, Jacques and Xavier, Eduardo C.},
title = {A Controlled Experiment on Python vs C for an Introductory Programming Course: Students’ Outcomes},
year = {2018},
issue_date = {September 2018},
publisher = {Association for Computing Machinery},
address = {New York, NY, USA},
volume = {18},
number = {3},
url = {https://doi.org/10.1145/3152894},
doi = {10.1145/3152894},
journal = {ACM Trans. Comput. Educ.},
month = {8},
articleno = {12},
numpages = {16},
keywords = {CS1, controlled experiment, Python, C, Introductory programming}
}

@INPROCEEDINGS{Narayanan19,
  author={Narayanan, Ramachandran Trichur},
  booktitle={2019 10th International Conference on Computing, Communication and Networking Technologies (ICCCNT)}, 
  title={Novice Programmer to New-Age Application Developer: What Makes Python their First Choice?}, 
  year={2019},
  volume={},
  number={},
  pages={1-7},
  doi={10.1109/ICCCNT45670.2019.8944583}}

@ONLINE{makeCodePython,
  publisher = {Microsoft},
  title     = {Python in MakeCode},
  date      = {2022},
  url       = {https://makecode.com/python},
  urldate   = {2023-04-09},
  %location  = {Brno},
  langid    = {english}}

@ONLINE{microPython,
  publisher = {George Robotics Limited},
  title     = {MicroPython},
  date      = {2014/2023},
  url       = {https://micropython.org/},
  urldate   = {2023-04-09},
  %location  = {Brno},
  langid    = {english}}

@inbook{hw2,
    address = {Cambridge, UK},
    author = {Mgr. Jiří Pech, Ph.D.; PhDr. Milan Novák, Ph.D.},
    publisher = {Raspberry Pi Foundation},
    title = {The Big Book of Computing Pedagogy},
    journal = {Hello World},
    month = 9,
    year = {2021},
    chapter = {The Primm Aproach},
    pages = {22 - 24}}

@ONLINE{pythonImysleni,
  publisher = {Jihočeská univerzita v Českých Budějovicích},
  author = {Mgr. Jiří Pech, Ph.D.; PhDr. Milan Novák, Ph.D.},
  title     = {Robotika pro střední školy: programujeme Micro:Bit pomocí Pythonu},
  date      = {2020},
  url       = {https://www.imysleni.cz/images/vzdelavaci_materialy/microbit_python/ucebnice.pdf},
  urldate   = {2023-04-09},
  %location  = {Brno},
  langid    = {czech}}

@article{Filgona20, 
title={Motivation in Learning}, 
volume={10}, 
url={https://journalajess.com/index.php/AJESS/article/view/181}, 
DOI={10.9734/ajess/2020/v10i430273}, 
number={4}, 
journal={Asian Journal of Education and Social Studies}, 
author={Filgona, Jacob and Sakiyo, John and Gwany, D. M. and Okoronka, A. U.}, 
year={2020}, 
month={9}, 
pages={16–37} 
}

@BOOK{Summerfield10,
  title    = "Python 3: výukový kurz",
  author   = "Summerfield, Mark",
  year     =  2010,
  language = "cs"
}

@INPROCEEDINGS{Noor20,
author={Noor, Farah Hanum and Mohamad, Fitri Suraya and Minoi, Jacey Lynn},
booktitle={2020 IEEE 8th R10 Humanitarian Technology Conference (R10-HTC)}, 
title={Learning Programming using Lego Mindstorms: Analysis of Learner Experiences}, 
year={2020},
volume={},
number={},
pages={1-6},
doi={10.1109/R10-HTC49770.2020.9357024}}

@INPROCEEDINGS{Souza18,
author={Souza, Isabelle M. L. and Andrade, Wilkerson L. and Sampaio, Lívia M. R. and Araujo, Ana Liz Souto O.},
booktitle={2018 IEEE Frontiers in Education Conference (FIE)}, 
title={A Systematic Review on the use of LEGO® Robotics in Education}, 
year={2018},
volume={},
number={},
pages={1-9},
doi={10.1109/FIE.2018.8658751}}

 @misc{elecfreaks, 
 title={Micro:bit accessories store: Elecfreaks}, 
 url={https://www.elecfreaks.com/}, 
 journal={Make coding accessible !}} 

 @misc{nezhaelecfreaks, 
 title={Elecfreaks Wiki}, 
 url={http://www.elecfreaks.com/learn-en/microbitKit/Nezha_Inventor_s_kit_for_microbit/index.html}, 
 journal={48 IN 1 Nezha Inventor's kit(EF08232) - ELECFREAKS WIKI}} 

 @misc{helloWorld, 
 title={Hello world}, 
 url={https://www.helloworld.org/}, 
 journal={Hello World - Simple source code examples}} 

 @misc{nezhasSet,
 author={Elecfreaks},
 title={Obsah ELECFREAKS micro:bit Nezha Inventors Kitu}, 
 url={https://www.elecfreaks.com/nezha-inventor-s-kit-for-micro-bit-without-micro-bit-board.html} }
